// bei Fehler: Cache leeren: biber --cache

@BOOK{WrightCache201503, 
	title={Hacking Exposed Wireless: Wireless Security Secrets \& Solutions},
	author={Joshua Wright and Johnny Cache},
	publisher={McGraw-Hill Osborne Media -- E-Book},
	year={2015},
	month={3},
	edition={3},
	isbn={978-0-07-182762-1},
	url={http://amazon.com/o/ASIN/0071827633/},
	price={$60.00},
	totalpages={707},
	timestamp={2015.04.06},
}

// Glossary
@Online{What_is_round_robin_Definition_from_WhatIs_2015-04-24, title = {What is round robin? -- WhatIs}, author = {}, organization = {}, file = {:./references/What is round robin? - Definition from WhatIs.com.html:html}, url = {http://whatis.techtarget.com/definition/round-robin}, urldate = {2015-04-24} }

// Project
@Online{GitHub_ble-seminar_2015-04-17, title = {ble-seminar -- GitHub}, author = {}, organization = {}, file = {:./references/MrJack91/ble-seminar.html:html}, url = {https://github.com/MrJack91/ble-seminar}, urldate = {2015-04-17} }

// IT


// Bluetooth
@Online{Ericsson_2015-04-17, title = {A world of communication -- Ericsson}, author = {}, organization = {}, file = {:./references/Ericsson - A world of communication - Ericsson.html:html}, url = {http://www.ericsson.com/}, urldate = {2015-04-17} }

@Online{Bluetooth_Wikipedia_2015-04-17, title = {Bluetooth -- Wikipedia EN}, author = {}, organization = {}, file = {:./references/Bluetooth - Wikipedia, the free encyclopedia.html:html}, url = {http://en.wikipedia.org/wiki/Bluetooth}, urldate = {2015-04-17} }

@Online{Bluetooth_de_Wikipedia_2015-04-18, title = {Bluetooth -- Wikipedia DE}, author = {}, organization = {}, file = {:./references/Bluetooth â€“ Wikipedia.html:html}, url = {http://de.wikipedia.org/wiki/Bluetooth}, urldate = {2015-04-18} }

@Online{Bluetooth_Special_Interest_Group_Wikipedia_2015-04-17, title = {Bluetooth Special Interest Group -- Wikipedia}, author = {}, organization = {}, file = {:./references/Bluetooth Special Interest Group - Wikipedia, the free encyclopedia.html:html}, url = {http://en.wikipedia.org/wiki/Bluetooth_Special_Interest_Group}, urldate = {2015-04-17} }

@Online{The_history_of_Bluetooth_Ericsson_History_2015-04-17, title = {The history of Bluetooth -- Ericsson History}, author = {}, organization = {}, file = {:./references/The history of Bluetooth - Ericsson History.html:html}, url = {http://www.ericssonhistory.com/changing-the-world/Anecdotes/The-history-of-Bluetooth-/}, urldate = {2015-04-17} }

@Online{Frequency-hopping_spread_spectrum_-_Wikipedia_2015-04-17, title = {Frequency-hopping spread spectrum -- Wikipedia}, author = {}, organization = {}, file = {:./references/Frequency-hopping spread spectrum - Wikipedia, the free encyclopedia.html:html}, url = {http://en.wikipedia.org/wiki/Frequency-hopping_spread_spectrum}, urldate = {2015-04-17} }

@Online{How_Bluetooth_Creates_a_Connection_HowStuffWorks_2015-04-17, title = {How Bluetooth Creates a Connection -- HowStuffWorks}, author = {}, organization = {}, file = {:./references/How Bluetooth Creates a Connection - HowStuffWorks.html:html}, url = {http://electronics.howstuffworks.com/bluetooth1.htm}, urldate = {2015-04-17} }

@Online{Our_History_Bluetooth_Technology_Website_2015-04-17, title = {Our History -- Bluetooth}, author = {}, organization = {}, file = {:./references/Our History | Bluetooth Technology Website.html:html}, url = {http://www.bluetooth.com/Pages/History-of-Bluetooth.aspx}, urldate = {2015-04-17} }

@Online{Bluetooth_low_energy_Wikipedia_2015-04-17, title = {Bluetooth low energy -- Wikipedia}, author = {}, organization = {}, file = {:./references/Bluetooth low energy - Wikipedia, the free encyclopedia.html:html}, url = {http://en.wikipedia.org/wiki/Bluetooth_low_energy}, urldate = {2015-04-17} }

@Online{Piconet_-_Wikipedia_2015-04-18, title = {Piconet -- Wikipedia}, author = {}, organization = {}, file = {:./references/Piconet - Wikipedia, the free encyclopedia.html:html}, url = {http://en.wikipedia.org/wiki/Piconet}, urldate = {2015-04-18} }

@Online{Nahfunktechnik_in_Smartphones_FAQ_cio.de_2015-04-24, title = {Nahfunktechnik in Smartphones -- CIO}, author = {}, organization = {}, file = {:./references/Nahfunktechnik in Smartphones: FAQ - Was ist was bei Bluetooth? - cio.de.html:html}, url = {http://www.cio.de/a/faq-was-ist-was-bei-bluetooth,2973846}, urldate = {2015-04-24} }

@Online{Security_Bluetooth_Development_Portal_2015-04-24, title = {Security -- Bluetooth Development}, author = {}, organization = {}, file = {:./references/Security | Bluetooth Development Portal.html:html}, url = {https://developer.bluetooth.org/TechnologyOverview/Pages/Security.aspx}, urldate = {2015-04-24} }

@Online{LE_Security_Bluetooth_Development_Portal_2015-04-25, title = {LE Security -- Bluetooth Development}, author = {}, organization = {}, file = {:./references/LE Security | Bluetooth Development Portal.html:html}, url = {https://developer.bluetooth.org/TechnologyOverview/Pages/LE-Security.aspx}, urldate = {2015-04-25} }


@Online{Bluetooth_Communication_Hybrid_Encryption_2015-04-25, title = {Bluetooth Communication using Hybrid Encryption Algorithm based on AES and RSA -- citeseerx}, author = {}, organization = {}, file = {:./references/.html:html}, url = {http://citeseerx.ist.psu.edu/viewdoc/download?doi=10.1.1.402.8867&rep=rep1&type=pdf}, urldate = {2015-04-25} }

@Online{BluetoothSecurity_Washington_2015-04-25, title = {BluetoothSecurity -- Washington}, author = {}, organization = {}, file = {:./references/.html:html}, url = {https://courses.cs.washington.edu/courses/cse466/01au/Projects/BluetoothSecurity.ppt}, urldate = {2015-04-25} }


// BLE


// Alternatives

